<record><leader>00000cas a22000007a 4500</leader><controlfield tag="001">14362983</controlfield><controlfield tag="008">861008d18871888nvuwr ne      0    0eng d</controlfield><datafield ind1=" " ind2=" " tag="010"><subfield code="a">sn 86076391 </subfield></datafield><datafield ind1=" " ind2=" " tag="040"><subfield code="a">NNX</subfield><subfield code="b">eng</subfield><subfield code="c">NNX</subfield><subfield code="d">OCLCQ</subfield></datafield><datafield ind1=" " ind2=" " tag="042"><subfield code="a">msc</subfield></datafield><datafield ind1="0" ind2="4" tag="245"><subfield code="a">The Nevada index-union.</subfield></datafield><datafield ind1=" " ind2=" " tag="260"><subfield code="a">Carson City, Nev. :</subfield><subfield code="b">Nevada Union Pub. Co.,</subfield><subfield code="c">1887-1888.</subfield></datafield><datafield ind1=" " ind2=" " tag="300"><subfield code="a">2 v. :</subfield><subfield code="b">ill.</subfield></datafield><datafield ind1=" " ind2=" " tag="310"><subfield code="a">Weekly,</subfield><subfield code="b">Jan. 8, 1888-Jan. 29, 1888</subfield></datafield><datafield ind1=" " ind2=" " tag="321"><subfield code="a">Daily (except Mon.),</subfield><subfield code="b">July 6, 1887-Jan. 1, 1888</subfield></datafield><datafield ind1="0" ind2=" " tag="362"><subfield code="a">Vol. 14, no. 1 (July 6, 1887)-v. 15, no. 5 (Jan. 29, 1888).</subfield></datafield><datafield ind1=" " ind2=" " tag="752"><subfield code="a">United States</subfield><subfield code="b">Nevada</subfield><subfield code="c">Ormsby</subfield><subfield code="d">Carson City.</subfield></datafield><datafield ind1=" " ind2=" " tag="752"><subfield code="a">United States</subfield><subfield code="b">Nevada</subfield><subfield code="c">Carson City</subfield><subfield code="d">Carson City.</subfield></datafield><datafield ind1="0" ind2="4" tag="780"><subfield code="t">Carson daily index</subfield><subfield code="w">(DLC)sn 86091241</subfield><subfield code="w">(OCoLC)13326010</subfield></datafield><datafield ind1="0" ind2="4" tag="780"><subfield code="t">Nevada union</subfield><subfield code="w">(DLC)sn 86076098</subfield><subfield code="w">(OCoLC)13499436</subfield></datafield><datafield ind1="0" ind2="0" tag="785"><subfield code="t">Daily index-union</subfield><subfield code="w">(DLC)sn 86076392</subfield></datafield></record>